<record><leader>00000cas a2200000Ma 4500</leader><controlfield tag="001">10953224</controlfield><controlfield tag="008">840716d184718uunhuwr ne      0    0eng d</controlfield><controlfield tag="009">330</controlfield><datafield ind1=" " ind2=" " tag="010"><subfield code="a">sn 84023696 </subfield></datafield><datafield ind1=" " ind2=" " tag="040"><subfield code="a">AQM</subfield><subfield code="c">AQM</subfield></datafield><datafield ind1="1" ind2=" " tag="029"><subfield code="a">AU@</subfield><subfield code="b">000025826785</subfield></datafield><datafield ind1="0" ind2="0" tag="245"><subfield code="a">Great Falls transcript and Strafford and York advertiser.</subfield></datafield><datafield ind1=" " ind2=" " tag="260"><subfield code="a">Great Falls [i.e., Somersworth], N.H. :</subfield><subfield code="b">Henderson &amp; Wingate,</subfield></datafield><datafield ind1=" " ind2=" " tag="300"><subfield code="a">v.</subfield></datafield><datafield ind1=" " ind2=" " tag="310"><subfield code="a">Weekly</subfield></datafield><datafield ind1="1" ind2=" " tag="362"><subfield code="a">Began in 1847.</subfield></datafield><datafield ind1=" " ind2=" " tag="500"><subfield code="a">Editors: J. Henderson, 1847; C. Wingate, &lt;1847&gt;; C. Wingate &amp; Co., &lt;1849&gt;; J. Chapin, 1849.</subfield></datafield><datafield ind1=" " ind2=" " tag="500"><subfield code="a">Publishers: C. Wingate, 1847-1849; J. Chapin, 1849.</subfield></datafield><datafield ind1=" " ind2="7" tag="655"><subfield code="a">Newspapers.</subfield><subfield code="2">rbgenr</subfield></datafield><datafield ind1="1" ind2=" " tag="700"><subfield code="a">Wingate, Charles H.</subfield></datafield><datafield ind1="1" ind2=" " tag="700"><subfield code="a">Chapin, J. F.</subfield></datafield><datafield ind1="1" ind2=" " tag="700"><subfield code="a">Henderson, James Jasper.</subfield></datafield><datafield ind1=" " ind2=" " tag="752"><subfield code="a">United States</subfield><subfield code="b">New Hampshire</subfield><subfield code="c">Strafford</subfield><subfield code="d">Somersworth.</subfield></datafield><datafield ind1=" " ind2=" " tag="752"><subfield code="a">United States</subfield><subfield code="b">New Hampshire</subfield><subfield code="c">Strafford</subfield><subfield code="d">Great Falls.</subfield></datafield><datafield ind1="0" ind2="0" tag="780"><subfield code="t">Strafford transcript and Great Falls advertiser</subfield><subfield code="w">(DLC)sn 84023695</subfield></datafield><datafield ind1="0" ind2="0" tag="785"><subfield code="t">Great Falls transcript</subfield><subfield code="w">(DLC)sn 84023697</subfield></datafield></record>